@misc{most_used_langs,
    author = {Statista},
    title = {Most used programming languages among developers worldwide as of 2022},
    year = {2022},
    url = {https://www.statista.com/statistics/793628/worldwide-developer-survey-most-used-languages/},
    language = {en} }

@misc{pep8_doc,
    author = {van Rossum, Guido and Warsaw, Barry and Coghlan, Nick},
    title = {PEP 8 -- Style Guide for Python Code},
    year = {2013},
    url = {https://peps.python.org/pep-0008/},
    language = {en} }

@misc{pep8_max_line_length,
    author = {van Rossum, Guido and Warsaw, Barry and Coghlan, Nick},
    title = {PEP 8 -- Style Guide for Python Code: Maximum Line length},
    year = {2013},
    url = {https://peps.python.org/pep-0008/#maximum-line-length},
    language = {en} }

@misc{pep257_docstring_convention,
    author = {van Rossum, Guido and Warsaw, Barry and Coghlan, Nick},
    title = {PEP 257 -- Docstring Conventions},
    year = {2001},
    url = {https://peps.python.org/pep-0257/#what-is-a-docstring},
    language = {en} }

@misc{pep8_inline_comments,
    author = {van Rossum, Guido and Warsaw, Barry and Coghlan, Nick},
    title = {PEP 8 -- Style Guide for Python Code: Inline Comments},
    year = {2013},
    url = {https://peps.python.org/pep-0008/#inline-comments},
    language = {en} }

@misc{pep8_blank_lines,
    author = {van Rossum, Guido and Warsaw, Barry and Coghlan, Nick},
    title = {PEP 8 -- Style Guide for Python Code: Blank Lines},
    year = {2013},
    url = {https://peps.python.org/pep-0008/#blank-lines},
    language = {en} }

@misc{pep8_recommendations,
    author = {van Rossum, Guido and Warsaw, Barry and Coghlan, Nick},
    title = {PEP 8 -- Style Guide for Python Code: Programming Recommendations},
    year = {2013},
    url = {https://peps.python.org/pep-0008/#programming-recommendations},
    language = {en} }
